% Hilfestellung für BibTeX: https://de.wikibooks.org/wiki/LaTeX-Kompendium:_Zitieren_mit_BibTeX

@article{%
    OpenPNovo,
    title       = {Open-pNovo: De Novo Peptide Sequencing with Thousands of Protein Modifications},
    author      = {Hao Yang; Hao Chi; Wen-Jing Zhou; Wen-Feng Zeng; Kun He; Chao Liu; Rui-Xiang Sun; Si-Min He},
    journal     = {Journal of proteome research},
    pages       = {645--654},
    year        = {2016},
    publisher   = {Some Publisher}
}

@article{%
    pNovoPlus,
    title       = {pNovo+: De Novo Peptide Sequencing Using Complementary HCD and ETD Tandem Mass Spectra},
    author      = {Hao Chi; Haifeng Chen; Kun He; Long Wu; Bing Yang; Rui-Xiang Sun; Jianyun Liu; Wen-Feng Zeng; Chun-Qing Song; Si-Min He; Meng-Qiu Dong},
    journal     = {Journal of proteome research},
    pages       = {615--625},
    year        = {2012},
    publisher   = {Some Publisher}
}

@book{%
    OrgChemBook,
    title       = {Lehrbuch der organischen Cheme},
    author      = {Hans Beyer},
    publisher   = {S.Hirzel Verlag Leipzig},
    year        = {1967},
    edition     = {13./14.}
}

@article{%
griffiths2008brief,
  title={A brief history of mass spectrometry},
  author={Griffiths, Jennifer},
  journal={Anal. Chem},
  volume={80},
  number={15},
  pages={5678--5683},
  year={2008}
}

﻿@article{%
Glish2003,
author={Glish, Gary L. and Vachet, Richard W.},
title={The basics of mass spectrometry in the twenty-first century},
journal={Nature Reviews Drug Discovery},
year={2003},
month={Feb},
day={01},
volume={2},
number={2},
pages={140-150},
abstract={Mass spectrometry has become an indispensable analytical tool in all types of drug discovery applications.Development of two ionization techniques, electrospray (ESI) and matrix assisted laser desorption/ionization (MALDI), has revolutionized the applicability of mass spectrometry to almost any biological molecule.Many types of mass analyzers can be used in drug discovery applications, but the majority of the work is done with quadrupoles, quadrupole ion traps, and time-of-flight mass spectrometers. Fourier-transform ion-cyclotron resonance (FT-ICR) mass spectrometry is playing an increasingly important role as a mass analyzer.Tandem mass spectrometry (MS/MS) is a crucial technique in many applications related to drug discovery. MS/MS involves multiple stages of mass analysis.Quadrupole ion traps and FT-ICR mass spectrometers perform MS/MS by separating the stages in time. Other combinations of analyzers such as quadrupole/time-of-flight and multiple quadrupole mass spectrometers perform MS/MS using sequential analyzers.},
issn={1474-1784},
doi={10.1038/nrd1011},
url={https://doi.org/10.1038/nrd1011}
}

@Inbook{%
Gross2013,
author="Gross, J{\"u}rgen H.",
title="Tandem-Massenspektrometrie",
bookTitle="Massenspektrometrie: Ein Lehrbuch",
year="2013",
publisher="Springer Berlin Heidelberg",
address="Berlin, Heidelberg",
pages="447--514",
abstract="EI-Massenspektren weisen eine F{\"u}lle an Fragment-Ionen-Peaks auf, aus denen sich Strukturinformationen ableiten lassen -- oft allerdings auf Kosten der H{\"a}ufigkeit des Molek{\"u}l-Ions und damit der Erkennbarkeit des Molpeaks. Jahrzehntelang war EI in der organischen Massenspektrometrie die einzige Ionisationsmethode.Seit Einf{\"u}hrung der sanften Ionisationsmethoden wie CI oder FD, mit denen wir uns in den vorangegangenen Kapiteln befasst haben, konnten auch Spektren erzeugt werden, die wenige oder keine Fragment-Ionen-Signale zeigten. Auf den ersten Blick mag dies besonders vorteilhaft erscheinen, bei n{\"a}herem Hinsehen stellt sich in Bezug auf analytische Anwendungen das Fehlen von Strukturinformationen jedoch als gravierender Nachteil heraus.",
isbn="978-3-8274-2981-0",
doi="10.1007/978-3-8274-2981-0_9",
url="https://doi.org/10.1007/978-3-8274-2981-0_9"
}

@article{%
MassDefectMS,
author = {Sleno, Lekha},
title = {The use of mass defect in modern mass spectrometry},
journal = {Journal of Mass Spectrometry},
volume = {47},
number = {2},
pages = {226-236},
keywords = {mass defect, high resolution, labeling, filtering, Kendrick plots, metabolites, proteomics},
doi = {https://doi.org/10.1002/jms.2953},
url = {https://analyticalsciencejournals.onlinelibrary.wiley.com/doi/abs/10.1002/jms.2953},
eprint = {https://analyticalsciencejournals.onlinelibrary.wiley.com/doi/pdf/10.1002/jms.2953},
abstract = {Mass defect is defined as the difference between a compound's exact mass and its nominal mass. This concept has been increasingly used in mass spectrometry over the years, mainly due to the growing use of high resolution mass spectrometers capable of exact mass measurements in many application areas in analytical and bioanalytical chemistry. This article is meant as an introduction to the different uses of mass defect in applications using modern MS instrumentation. Visualizing complex mass spectra may be simplified with the concept of Kendrick mass by plotting nominal mass as a function of Kendrick mass defect, based on hydrocarbons subunits, as well as slight variations on this theme. Mass defect filtering of complex MS data has been used for selectively detecting compounds of interest, including drugs and their metabolites or endogenous compounds such as peptides and small molecule metabolites. Several strategies have been applied for labeling analytes with reagents containing unique mass defect features, thus shifting molecules into a less noisy area in the mass spectrum, thus increasing their detectability, especially in the area of proteomics. All these concepts will be covered to introduce the interested reader to the plethora of possibilities of mass defect analysis of high resolution mass spectra. Copyright © 2012 John Wiley \& Sons, Ltd.},
year = {2012}
}

@article{%
IsotopicDistributionMS,
author = {Yergey, James. and Heller, David. and Hansen, Gordon. and Cotter, Robert J. and Fenselau, Catherine.},
title = {Isotopic distributions in mass spectra of large molecules},
journal = {Analytical Chemistry},
volume = {55},
number = {2},
pages = {353-356},
year = {1983},
doi = {10.1021/ac00253a037},
URL = {https://doi.org/10.1021/ac00253a037},
eprint = {https://doi.org/10.1021/ac00253a037}
}

@article{%
MonoisotopicMass,
author = {Attygalle, Athula B. and Pavlov, Julius and Ruzicka, Josef},
title = {Monoisotopic Mass?},
journal = {Journal of the American Society for Mass Spectrometry},
volume = {33},
number = {1},
pages = {5-10},
year = {2022},
doi = {10.1021/jasms.1c00110},
note ={PMID: 34870996},
URL = {https://doi.org/10.1021/jasms.1c00110},
eprint = {https://doi.org/10.1021/jasms.1c00110}
}

@article{%
IUPACDefinitions,
url = {https://doi.org/10.1351/PAC-REC-06-04-06},
title = {Definitions of terms relating to mass spectrometry (IUPAC Recommendations 2013)},
author = {Kermit K. Murray and Robert K. Boyd and Marcos N. Eberlin and G. John Langley and Liang Li and Yasuhide Naito},
pages = {1515--1609},
volume = {85},
number = {7},
journal = {Pure and Applied Chemistry},
doi = {doi:10.1351/PAC-REC-06-04-06},
year = {2013},
lastchecked = {2023-06-04}
}

@article{%
pNovo,
author = {Chi, Hao and Sun, Rui-Xiang and Yang, Bing and Song, Chun-Qing and Wang, Le-Heng and Liu, Chao and Fu, Yan and Yuan, Zuo-Fei and Wang, Hai-Peng and He, Si-Min and Dong, Meng-Qiu},
title = {pNovo: De novo Peptide Sequencing and Identification Using HCD Spectra},
journal = {Journal of Proteome Research},
volume = {9},
number = {5},
pages = {2713-2724},
year = {2010},
doi = {10.1021/pr100182k},
note ={PMID: 20329752},
URL = {https://doi.org/10.1021/pr100182k},
eprint = {https://doi.org/10.1021/pr100182k}
}

﻿@article{%
Mann2003,
author={Mann, Matthias and Jensen, Ole N.},
title={Proteomic analysis of post-translational modifications},
journal={Nature Biotechnology},
year={2003},
month={Mar},
day={01},
volume={21},
number={3},
pages={255-261},
abstract={Post-translational modifications modulate the activity of most eukaryote proteins. Analysis of these modifications presents formidable challenges but their determination generates indispensable insight into biological function. Strategies developed to characterize individual proteins are now systematically applied to protein populations. The combination of function- or structure-based purification of modified 'subproteomes', such as phosphorylated proteins or modified membrane proteins, with mass spectrometry is proving particularly successful. To map modification sites in molecular detail, novel mass spectrometric peptide sequencing and analysis technologies hold tremendous potential. Finally, stable isotope labeling strategies in combination with mass spectrometry have been applied successfully to study the dynamics of modifications.},
issn={1546-1696},
doi={10.1038/nbt0303-255},
url={https://doi.org/10.1038/nbt0303-255}
}

@article{%
rudat2021alanins,
  title={Alanins Wunderlampe: Vorkommen, Nutzung und Produktion nicht-kanonischer Aminos{\"a}uren},
  author={Rudat, Jens and Engel, Ulrike},
  journal={Biologie in unserer Zeit},
  volume={51},
  number={4},
  pages={376--386},
  year={2021}
}
