@article{OpenPNovo,
  title={Open-pNovo: De Novo Peptide Sequencing with Thousands of Protein Modifications},
  author={Hao Yang; Hao Chi; Wen-Jing Zhou; Wen-Feng Zeng; Kun He; Chao Liu; Rui-Xiang Sun; Si-Min He},
  journal={Journal of proteome research},
  % volume={-1},
  % number={-1},
  pages={645--654},
  year={2016},
  publisher={Some Publisher}
}

@article{pNovoPlus,
  title={pNovo+: De Novo Peptide Sequencing Using Complementary HCD and ETD Tandem Mass Spectra},
  author={Hao Chi; Haifeng Chen; Kun He; Long Wu; Bing Yang; Rui-Xiang Sun; Jianyun Liu; Wen-Feng Zeng; Chun-Qing Song; Si-Min He; Meng-Qiu Dong},
  journal={Journal of proteome research},
  % volume={-1},
  % number={-1},
  pages={615--625},
  year={2012},
  publisher={Some Publisher}
}
